1806 3219
602 778 1198 846 EP1LOGUS.

251 968 319 1009 En
352 968 544 1017 tandem,
578 967 630 1007 L.
665 966 740 1015 B.‚
781 964 1165 1019 supplementorum
1197 960 1360 1017 copiam
1392 974 1467 1015 per
1497 972 1652 1014 paucos

135 1052 266 1078 annos
298 1037 539 1085 collectam,
586 1034 660 1076 sed
690 1040 815 1089 prout
844 1040 1033 1087 tempora
1072 1030 1336 1086 postularunt
1376 1029 1653 1072 contractissi-

137 1121 261 1147 mam.
322 1104 560 1146 Primordia
589 1110 730 1144 nostra
761 1115 910 1142 manca
940 1099 1185 1154 mendisque
1215 1099 1374 1155 repleta
1403 1099 1516 1149 fore,
1547 1113 1654 1140 nun-

138 1190 264 1229 quam
291 1174 671 1215 dissimulaveram:
700 1169 774 1211 sed
800 1183 960 1210 errores
987 1168 1112 1223 longe
1136 1169 1339 1223 plurimos
1362 1167 1414 1209 ab
1439 1174 1655 1208 auctorum

137 1243 299 1298 potius,
341 1256 447 1297 quos
481 1241 835 1288 consultaveram,
871 1237 1176 1279 inadvertentia
1204 1237 1443 1292 irrepsisse,
1476 1251 1602 1290 quam
1633 1250 1658 1276 a

138 1327 254 1362 mea,
296 1312 368 1366 qui
407 1311 461 1352 ad
490 1311 627 1352 fontes
658 1307 824 1364 regredi
854 1321 939 1348 non
970 1306 1126 1360 ubique
1155 1306 1265 1361 potis
1295 1305 1466 1355 fuerim,
1509 1304 1656 1346 solatio

139 1380 228 1421 erit.
290 1379 501 1435 Exemplo
533 1379 635 1428 sint,
680 1391 787 1432 quae
818 1375 854 1417 F
862 1375 1030 1416 erussac
1069 1374 1220 1416 referat
1257 1374 1309 1415 de
1340 1374 1391 1415 cl.
1422 1373 1658 1415 Eiehwaldi

140 1447 331 1503 zoologia
361 1448 544 1503 speciali,
577 1453 617 1488 et
643 1446 695 1487 de
725 1445 974 1488 Schneideri
999 1450 1176 1485 tractatu
1202 1444 1254 1484 de
1279 1443 1531 1498 Octopodia,
1563 1457 1658 1484 cum

138 1516 239 1572 ipsis
269 1516 386 1557 libris
419 1515 589 1556 minime
621 1514 907 1569 congruentia.
968 1512 1029 1554 At
1068 1512 1287 1553 innumera
1327 1526 1496 1567 quoque
1526 1511 1660 1552 nomi—

138 1600 239 1626 num
267 1585 393 1627 series
420 1600 444 1625 a
468 1584 592 1640 primi
616 1583 713 1624 inde
736 1582 925 1624 fasciculi
951 1581 1132 1623 editione
1152 1581 1392 1637 nuperrime
1412 1586 1659 1626 creatorum,

141 1670 318 1709 quorum
349 1669 526 1710 magnae
558 1653 686 1709 partis
717 1652 912 1693 immunis
942 1651 1090 1692 fuisset
1120 1650 1314 1701 scientia,
1347 1651 1380 1692 si
1410 1650 1564 1692 librum
1595 1649 1660 1691 vel

140 1732 343 1775 nostrum,
369 1725 435 1767 vel
455 1724 753 1766 absolutiorem
775 1722 964 1764 conferre
986 1720 1219 1776 potuissent
1240 1727 1445 1762 auctores.
1477 1718 1660 1760 Multum

141 1796 250 1836 enim
283 1794 413 1844 abest,
446 1800 492 1834 ut
516 1793 638 1834 novis
665 1792 799 1833 solum
826 1790 1058 1832 observatis
1082 1804 1194 1831 nova
1216 1788 1422 1831 vocabula
1441 1788 1660 1844 adaptent3

143 1864 244 1918 quin
275 1863 442 1903 levitate
474 1860 618 1901 illicita
649 1859 873 1901 emendare
902 1859 1260 1900 nomenclaturam
1293 1857 1464 1913 quidam
1494 1856 1662 1898 student

144 1932 216 1972 vix
247 1929 462 1972 elementis
491 1929 654 1971 imbuti.
715 1928 938 1970 Deterreat
968 1928 1070 1970 alios
1101 1926 1340 1983 exemplum
1373 1924 1544 1975 Gisteli‚
1590 1925 1661 1979 qui

143 2001 184 2041 in
222 1998 422 2055 „Naturg
456 1998 529 2038 des
560 1996 853 2038 Thie1·reichs“
887 1997 1055 2053 triginta
1085 2006 1242 2053 septem
1274 1995 1444 2036 nomina
1472 1993 1661 2035 Malaco-

144 2083 316 2110 zoorum
337 2082 448 2108 nova
469 2066 700 2122 proposuit,
725 2080 904 2120 quorum
925 2066 997 2107 vix
1016 2081 1147 2107 unum
1166 2066 1306 2107 locum
1325 2065 1477 2121 poterit
1492 2063 1660 2105 habere.

143 2137 203 2178 At
232 2152 330 2179 vero
356 2137 485 2178 latent
512 2151 745 2191 synonyma
767 2150 991 2176 numerosa
1015 2134 1102 2175 fere
1127 2134 1283 2190 ignota,
1317 2148 1424 2188 quae
1449 2133 1493 2174 in
1516 2131 1663 2173 Indice

146 2207 321 2249 collecta
353 2205 683 2261 Onomatopoeis
715 2203 1006 2246 commendata
1037 2217 1128 2245 esse
1160 2203 1298 2252 velim,
1331 2208 1555 2256 antequam
1587 2214 1662 2242 vo-

145 2277 295 2318 cabula
325 2276 482 2317 novitia
511 2274 791 2316 introducant.

262 2343 416 2400 Operis
455 2344 587 2385 nostri
627 2349 832 2398 quatenus
873 2341 1175 2384 absolutionem
1217 2338 1474 2381 tolerabilem
1513 2337 1663 2379 additis

147 2413 446 2469 supplementis
487 2412 768 2468 attigerimus,
814 2411 935 2467 periti
970 2410 1174 2465 judicent.
1244 2408 1391 2450 Unum
1431 2406 1511 2447 hoc
1551 2411 1662 2461 peto,

146 2489 193 2523 ut
236 2481 525 2537 supplementa
568 2481 725 2535 ubique
771 2480 1057 2529 conferantur3
1108 2492 1262 2535 magna
1306 2476 1415 2518 enim
1462 2475 1663 2517 librorum

147 2550 269 2605 copia
300 2556 478 2604 quatuor
507 2549 623 2591 hisce
648 2549 766 2590 annis
793 2554 1045 2604 comparata.
1094 2546 1260 2600 Quibus
1287 2544 1529 2601 saepissime
1555 2542 1663 2583 diffi-

149 2617 372 2659 cultatibus
403 2617 554 2659 obruta
584 2617 636 2658 sit
665 2617 953 2674 investigatio,
995 2617 1029 2658 si
1060 2616 1196 2658 fontes
1227 2615 1340 2657 adire
1370 2627 1455 2655 non
1485 2612 1605 2661 licet,
1641 2626 1663 2652 e

148 2694 247 2728 nota
271 2687 573 2742 Potamomyae
607 2684 775 2737 ‚,Sow.“
809 2686 1032 2741 subjuncta
1062 2683 1331 2741 comparebit.
1357 2707 1405 2713 -
1439 2679 1664 2721 Lamarcki

149 2769 185 2796 et
222 2755 455 2796 Blainvillei
487 2755 641 2810 scripta
670 2754 756 2797 fere
789 2755 927 2797 onmia
958 2754 1127 2805 collata,
1160 2767 1336 2808 quorum
1361 2752 1450 2806 jam
1482 2763 1664 2791 comme-
