1806 3219
168 190 204 214 lV

166 288 418 329 morationes
449 301 594 328 omnes
625 293 739 329 ratae
769 287 915 329 haberi
943 293 1144 343 possunt,
1186 288 1235 329 iis
1266 289 1475 344 exceptis,
1508 303 1615 343 quae
1644 290 1686 331 in

166 357 342 398 Lamck.
388 355 536 405 „Extn
579 355 676 397 d'un
716 356 880 398 Com-8⁶⁶
927 356 1104 412 (1812),
1151 362 1193 398 01;
1231 356 1273 397 in
1311 356 1487 412 Encycl.
1526 357 1684 400 Edinb.

165 424 349 477 (Blainv.
384 425 542 479 1817?)
577 424 791 480 depositae
824 439 915 466 esse
944 425 1146 466 feruntur.
1209 424 1382 467 Cuvieri
1407 440 1564 482 genera
1590 441 1685 468 cum

163 493 339 535 aliorum
369 492 535 534 familiis
567 493 834 543 conveniunt,
868 493 1105 549 subgenera
1135 507 1230 534 cum
1259 495 1498 551 generibus.
1557 495 1686 548 Quod

164 560 290 603 Oken
322 561 422 617 (Isis
451 561 582 615 1817)
614 560 835 603 manifesto
867 576 1007 603 errore
1039 561 1091 602 de
1122 568 1346 617 systemate
1374 563 1613 605 Cuvierano
1641 564 1685 605 in

165 628 305 671 ..Ann.
352 629 410 670 du
448 629 563 671 Mus.
605 629 780 671 XVIII.
822 629 984 671 XIX.⁴⁶
1034 630 1143 671 1812
1184 631 1396 686 publicato
1436 631 1584 683 refert,
1631 632 1685 673 ad

164 697 339 754 „Regae
370 698 548 739 animab‘
583 699 681 739 anni
715 699 824 739 1817
856 698 1153 755 relegandum3
1184 699 1282 741 hinc
1312 700 1471 750 omnia,
1503 715 1611 755 quae
1641 700 1684 741 in

161 766 318 809 Indicis
359 767 441 809 vol.
483 766 542 808 II.
587 782 612 808 a
651 782 748 824 pag.
780 768 863 809 386
907 768 962 809 ad
1001 767 1128 809 finem
1168 782 1303 822 usque
1343 782 1393 809 ex
1430 783 1539 810 anno
1573 769 1681 810 1812

161 836 267 877 duce
300 834 425 878 Oken
456 835 734 886 laudavimus,
767 837 1060 893 expungenda.
1121 836 1322 878 Latreille
1353 842 1537 892 systema
1561 852 1682 878 suum

157 905 243 959 jam
286 904 397 944 1824
435 903 478 945 in
509 904 622 945 Ann.
655 919 713 946 sc.
746 912 831 945 nat.
862 906 1168 962 promulgavit,
1211 905 1286 946 sed
1317 904 1490 948 Gallicis
1522 912 1681 948 tantum

158 972 411 1016 nominibus.
475 972 679 1028 Sequenti
719 987 828 1014 anno
869 973 913 1014 in
957 973 1102 1024 „Fam.
1144 979 1256 1015 nat.“
1299 973 1466 1015 familiis
1503 974 1682 1017 Latinae

158 1042 516 1085 denominationes
572 1043 751 1084 additae.
829 1040 1039 1084 Generica
1093 1043 1263 1085 demum
1314 1044 1486 1084 nomina
1529 1043 1682 1086 Latine

158 1113 273 1154 dedit
304 1112 509 1154 Berthold
542 1113 650 1154 1827
682 1111 726 1152 in
760 1111 903 1162 „Latr.
936 1110 1098 1154 Natfirl.
1129 1111 1249 1153 Fam.
1283 1111 1323 1153 d.
1356 1111 1464 1154 Th.“

271 1192 506 1249 Egregium
558 1192 609 1234 cl.
656 1191 817 1233 Bronni
862 1191 1229 1235 Nomenclatorem
1272 1192 1679 1250 palaeontologicum

156 1275 250 1302 raro
306 1261 548 1311 citavimus,
610 1260 802 1315 quamvis
847 1260 1102 1303 uberrimam
1145 1261 1350 1303 fossilium
1398 1262 1680 1319 cognitionem

154 1331 328 1387 prodat,
369 1347 500 1387 quum
541 1331 805 1388 alphabetico
847 1329 993 1372 ordine
1036 1330 1176 1373 omnia
1205 1330 1364 1372 afferat.
1425 1330 1606 1388 Agassiz
1635 1331 1680 1372 in

155 1399 374 1442 Nomencl.
407 1400 637 1456 Zoologico
667 1401 790 1456 plura
821 1401 884 1442 sui
915 1414 1071 1456 genera
1099 1399 1447 1441 Pulmonatorum
1478 1406 1677 1454 tanquam

158 1469 266 1509 1837
296 1468 407 1510 edita
433 1475 635 1519 recenset,
667 1484 774 1524 quae
803 1483 940 1523 neque
967 1468 1092 1509 citato
1118 1468 1212 1509 loco
1236 1468 1512 1524 reperiuntur,
1539 1483 1676 1523 neque

155 1536 254 1578 alibi
297 1536 510 1592 publicata
555 1551 647 1578 esse
692 1537 899 1579 videntur.
970 1535 1008 1577 E
1056 1536 1264 1578 contrario
1303 1551 1388 1578 non
1426 1550 1562 1591 pauca
1600 1552 1676 1578 sua

153 1604 284 1660 ipsius
324 1620 481 1661 genera
510 1605 749 1647 Bivalvium
789 1605 993 1648 fossilium
1026 1606 1177 1647 omisit.
1210 1631 1264 1636 -—
1296 1606 1350 1647 In
1378 1605 1674 1662 Homonymo-

153 1688 246 1713 rum
277 1673 395 1714 annis
425 1673 666 1728 ubicunque
697 1674 748 1716 ab
776 1673 972 1731 Agassizi
998 1673 1320 1716 Nomenclatore
1351 1674 1537 1725 discessi,
1569 1676 1672 1717 meis

154 1740 321 1782 innixus
352 1757 444 1782 sum
476 1742 844 1797 explorationibus.
890 1745 1141 1787 Laudantur
1164 1745 1209 1785 in
1235 1742 1384 1785 eodem
1410 1757 1536 1799 opere
1559 1744 1673 1785 3400

152 1809 495 1851 Malacozoorum
536 1812 706 1853 nomina
751 1814 1038 1868 systematica:
1083 1819 1179 1868 post
1224 1812 1409 1867 quinque
1453 1827 1585 1854 annos
1628 1813 1672 1854 in

151 1878 296 1920 Indice
327 1885 470 1920 nostro
502 1894 597 1921 cum
629 1881 929 1937 supplementis
962 1887 1203 1924 enumerata
1234 1887 1330 1923 sunt
1359 1882 1485 1923 8140.
1540 1881 1671 1924 Com-

150 1962 326 2003 paruere
356 1948 494 2004 operis
524 1949 655 1991 nostri
684 1949 872 1992 fasciculi
902 1951 966 1992 his
998 1949 1280 2006 temporibus:

290 2032 376 2061 1846
403 2029 495 2072 Sept.
513 2034 542 2061 l.
568 2030 714 2071 Titulus,
740 2034 966 2074 prooemium,
992 2034 1084 2075 leges
1106 2033 1290 2071 nomencl.‚
1316 2033 1466 2074 syllabus
1483 2033 1666 2074 librorum3

570 2088 691 2120 indicis
716 2099 774 2131 pp.
804 2094 950 2122 1—104.

399 2144 483 2177 Dec.
512 2148 540 2176 1.
566 2156 624 2187 pp.
655 2149 845 2179 105—232.

290 2204 373 2233 1847
400 2202 500 2234 Mart.
530 2206 560 2234 1.
585 2213 642 2245 pp.
670 2207 864 2236 233—360.

398 2258 482 2299 Apr.
513 2262 565 2290 18.
591 2270 649 2301 pp.
676 2263 869 2293 361—-488.

397 2316 467 2347 Mai
493 2320 547 2347 25.
574 2327 631 2358 pp.
658 2320 853 2350 489—616.

395 2371 465 2405 Jul.
497 2375 549 2404 17.
576 2383 633 2414 pp.
661 2376 853 2407 617—637.
881 2382 914 2408 et
937 2377 1003 2408 vol.
1030 2377 1071 2409 11.
1103 2381 1245 2410 1—104.

396 2428 487 2470 Sept.
516 2432 546 2460 8.
573 2440 630 2472 pp.
662 2434 851 2467 105-232.

395 2485 479 2517 Dec.
509 2487 538 2517 7.
565 2496 622 2528 pp.
651 2491 845 2522 233—352.

287 2545 370 2574 1848
397 2542 494 2574 Febr.
525 2546 577 2575 18.
602 2554 661 2586 pp.
688 2549 882 2579 353—492.

286 2602 370 2631 1849
397 2599 494 2631 Febr.
521 2610 578 2642 pp.
606 2605 799 2635 493—612.

393 2657 491 2689 Mart.
518 2669 574 2700 pp.
603 2662 801 2701 613—7173
836 2667 906 2694 tum
940 2664 1120 2696 voluminis
1144 2664 1188 2696 II.
1220 2664 1405 2706 praefatio,
1444 2670 1476 2697 et
1508 2665 1657 2707 syllabus

598 2717 763 2749 librorum
785 2720 1015 2759 continuatus,
1038 2726 1178 2763 uterque
1198 2727 1378 2763 praeter
1396 2732 1508 2754 meum
1523 2722 1656 2763 jussum

554 2788 557 2789 ⁷
599 2775 688 2816 typis
715 2775 873 2808 redditus.
